@techreport{graph-design,
    author = {Entry, Invalid and This, Fix},
    title = "{Something about graph design}",
    institution =  {No Idea},
    month = apr,
    year = 1999
}

@techreport{PtolemyPractices,
    author = {Reekie, John and Neuendorffer, Stephen and
              Hylands, Christopher and Lee, Edward A.},
    title = "{Software Practice in the Ptolemy Project}",
    institution =  {University of California at Berkeley},
    month = apr,
    year = 1999
}

@Book{DesignPatterns,
  author = {Erich Gamma and Richard Helm and Ralph Johnson and John Vlissides},
  title = "{Design Patterns}",
  publisher = "Addison-Wesley",
  year = 1995,
  ISBN = "0-201-63361-2"
}

@InBook{SerializerPattern,
  ALTauthor = 	 {Riehle, Dirk and Siberski, Wolf and B\"amer, Dirk and Megert
                  Daniel and Zllighoven, Heinz},
  ALTeditor = 	 {},
  title = 	 {"Pattern Languages of Program Design 3."},
  chapter = 	 "17: Serializer",
  publisher = 	 "{Addison-Wesley}",
  year = 	 1998,
  OPTaddress = 	 "{Reading, Massachusetts}",
  pages = 	 {293--312},
  OPTnote = 	 {},
  OPTannote = 	 {}
}

@Book{ModernCppDesign,
  author = {Andrei Alexandrescu},
  title = "{Modern C++ Design: Generic Programming and Design Patterns Applied }",
  publisher = "Addison-Wesley",
  year = 2001,
  ISBN = "0-201-70431-5"
}


@Book{CodeComplete,
  author    = {McConnell, Steve},
  title     = "Code Complete",
  publisher = "Microsoft Press",
  year      = 1993
}

@Book{BoostGraph,
  author    = {Siek, Jeremy G. and Lee, Lie-Quan and Lumsdaine, Andrew},
  title     = "{Boost Graph Library, The: User Guide and Reference Manual}",
  publisher = "Addison-Wesley",
  ISBN      = 0201729148,
  year      = 2001,
  note      = {\url{http://www.boost.org/libs/graph/doc/}}
}


@Article{James00,
  author = 	 {Norton, James},
  title = 	 "{Dynamic Class Loading for C++ on Linux}",
  journal = 	 {Linux Journal},
  year = 	 {2000},
  note =         {\url{http://www.linuxjournal.com/article/3687}}
}

@PhdThesis{MArno01,
  author = 	 {Arnold, Marnix},
  title = 	 "{Instruction Set Extension for Embedded Processors}",
  school = 	 {Delft University of Technology},
  month = 	 mar,
  year = 	 2001
}

@PhdThesis{JJans01,
  author = 	 {Janssen, Johan},
  title = 	 "{Compiler Strategies for Transport Triggered Architectures}",
  school = 	 {Delft University of Technology},
  ISBN =         {90-407-2209-9},
  month = 	 sep,
  year = 	 2001
}

@PhdThesis{Hank96,
  author = 	 {Hank, Richard E.},
  title = 	 "{Region-Based Compilation}",
  school = 	 {University of Illinois},
  month = 	 may,
  year = 	 1996,
  note =         {\url{http://www.crhc.uiuc.edu/Impact/people/graduated/Rick_Hank.html}}
}


@MastersThesis{ThesisRantanenTommi,
  author = 	 {Tommi Rantanen},
  title = 	 "{Cost Estimation for Transport Triggered Architectures}",
  school = 	 {Tampere University of Technology},
  month = 	 jun,
  year = 	 2004
}

@MISC{CodingGuidelines,
  author =       {Cilio, Andrea},
  title =        "{Coding Guidelines in the TCE Project}",
  institution =  {Institute of Digital and Computer Systems, TUT},
  howpublished = "Website",
  year =         {2003},
  note =         {\url{http://swollen.digitalsystems.cs.tut.fi:8080/
                       TCE/doc/notes/ CodingGuidelines.html}}
}

@MISC{DoxygenGuidelines,
  author =       {Nyk\"anen, Jussi and J\"a\"askel\"ainen, Pekka},
  title =        "{Doxygen Commenting Guidelines of the TCE project}",
  institution =  {Institute of Digital and Computer Systems, TUT},
  howpublished = "Website",
  year =         {2003},
  note =         {\url{http://swollen.digitalsystems.cs.tut.fi:8080/
                  tce/doc/guidelines/coding/
                  doxygen_commenting_guidelines.txt}}
}

@MISC{InetGlossaryOfTerms,
  author =       {unknown},
  title =        "{Internet Glossary of Terms}",
  institution =  {World Meteorological Organization},
  howpublished = "Website",
  year =         {2003},
  note =         {\url{
http://www.wmo.ch/web/www/WDM/Guides/ Internet-glossary.html}}
}

@MISC{LatexDoc,
  author =       {Sheldon Green},
  title =        "{Hypertext Help with LaTeX}",
  institution =  {unknown},
  howpublished = "Website",
  year =         {1995},
  note =         {\url{
http://swollen.digitalsystems.cs.tut.fi:8080/
latex/}}
}

@MISC{CVSDoc,
  author =       {Karl Fogel},
  title =        "{Open Source Development With CVS}",
  institution =  {unknown},
  howpublished = "Website",
  year =         {1999,2000},
  note =         {\url{
http://swollen.digitalsystems.cs.tut.fi:8080/
cvsbook/cvsbook.html}}
}

@MISC{SVNDoc,
  author =       {Ben Collins-Sussman},
  title =        "{Version Control with Subversion}",
  institution =  {unknown},
  howpublished = "Website",
  year =         {2002,2003,2004,2005},
  note =         {\url{
  http://swollen.digitalsystems.cs.tut.fi:8080/
  svnbook/svn-book.html}}
}
            

@MISC{wxWindows,
  author =       "Julian Smart and Robert Roebling and Vadim Zeitlin and
                  Robin Dunn and others",
  title =        "{wxWindgets: A portable C++ and Python GUI toolkit}",
  howpublished = "Website",
  year =         {2004},
  note =         {\url{http://www.lpthe.jussieu.fr/~zeitlin/wxWindows/docs/wxwin.htm}}
}

@MISC{wxWin_doc_view,
  author =       "Julian Smart and Robert Roebling and Vadim Zeitlin and
                  Robin Dunn and others",
  title =        "{Document/view overview}",
  howpublished = "Website",
  year =         {2003},
  note =         {\url{http://www.lpthe.jussieu.fr/~zeitlin/wxWindows/docs/
                       wxwin511.htm#docviewoverview}}
}

@MISC{Xerces,
  author =       "Apache Software Foundation",
  title =        "{Xerces C++ Version 2.3.0}",
  howpublished = "Website",
  year =         {2003},
  note =         {\url{http://xml.apache.org/xerces-c/index.html}}
}

@MISC{Schema,
  author =       "W3C",
  title =        "{XML Schema}",
  howpublished = "Website",
  year =         {2001},
  note =         {\url{http://www.w3.org/XML/Schema}}
}

@MISC{DOM,
  author =       "W3C",
  title =        "{Document Object Model (DOM)}",
  howpublished = "Website",
  year =         {2003},
  note =         {\url{http://www.w3.org/DOM/}}
}

@MISC{MakeManual,
  author =       {GNU Project},
  title =        "{GNU Make Manual v3.80}",
  institution =  {GNU},
  howpublished = "Website",
  year =         {2002},
  note =         {\url{
http://swollen.digitalsystems.cs.tut.fi:8080/
manuals/make/make.html}}
}

@Misc{Graphviz,
  author = 	 {Gansner, Emden and Koutsofios, Eleftherios and North, Stephen},
  title = 	 "{Drawing graphs with \emph{dot}}",
  howpublished = "Website",
  month = 	 feb,
  year = 	 2002,
  note = 	 {\url{http://www.graphviz.org/Documentation/dotguide.pdf}},
  annote = 	 {available from http://www.graphviz.org/Documentation.php}
}

@Unpublished{SQLite-home,
  author = 	 {D. Richard Hipp},
  title = 	 "{SQLite --- An Embeddable SQL Database Engine}",
  note = 	 {\url{http://www.hwaci.com/sw/sqlite/}},
  OPTkey = 	 {},
  OPTmonth = 	 {},
  OPTyear = 	 {},
  OPTannote = 	 {}
}

@Book{Tcl-orig,
  author = 	 {John K. Ousterhout},
  title = 	 "{Tcl and Tk Toolkit}",
  publisher = 	 {Addison-Wesley},
  year = 	 {1994},
  ISBN =         {0-201-63337-X},
  OPTannote = 	 {}
}

@Book{Tcl-practical,
  author = 	 {Brent Welch},
  title = 	 "{Practical Programming in Tcl and Tk}",
  publisher = 	 {Prentice-Hall},
  year = 	 {1995},
  ISBN =         {0-13-123007-9},
  OPTannote = 	 {}
}

@Book{HCorp97,
  author    = {Corporaal, Henk},
  title     = "Microprocessor Architectures; from VLIW to TTA",
  publisher = "John Wiley",
  year      = 1997,
  ISBN      = "0-471-97157-X"
}

@Book{XMLSpec,
  author =    "Tim Bray and Jean Paoli and C. M. Sperberg-McQueen
               and Eve Maler",
  title  =    "{Extensible Markup Language (XML) 1.0 (Second Edition)}",
  publisher = "World Wide Web Consortium",
  year =      {2000},
  note =      {W3C Recommendation}
}



@Misc{llvm-home-page,
  key = 	 {llvm},
  OPTauthor = 	 {},
  title =	 {The {LLVM} project home page},
  howpublished = {Website},
  OPTmonth = 	 {},
  year =	 {2008},
  note =	 {\url{http://www.llvm.org}},
  OPTannote = 	 {}
}

%% Project documents

@TECHREPORT{FeasStu,
  author =       {Rantanen, Tommi},
  title =        "{Feasibility Study}",
  institution =  {Institute of Software Systems, TUT},
  year =         2003,
  month =        sep,
  note =         "{TTA Processor Designer}"
}

@TECHREPORT{ProDeReq,
  author =       {Rantanen, Tommi},
  title =        "{TTA Processor Designer Functional Requirements}",
  institution =  {Institute of Software Systems, TUT},
  year =         2003,
  month =        oct,
  note =         "{TTA Processor Designer}"
}

@TECHREPORT{ProDeDes,
  author =       {Rantanen, Tommi},
  title =        "{TTA Processor Degner Design Document}",
  institution =  {Institute of Software Systems, TUT},
  year =         2003,
  month =        nov,
  note =         "{TTA Processor Designer}"
}


@TECHREPORT{ProDeMan,
 author = 	 {J\"a\"askel\"ainen, Veli-Pekka},
  title =        "{TTA Processor Designer User Manual}",
  institution =  {Institute of Software Systems, TUT},
  year =         2004,
  month =        feb,
  note =         "{TTA Processor Designer}"
}
            

@MISC{TCEDoc,
  author =       "TCE",
  title =        "{TCE Documentation}",
  howpublished = "Website",
  year =         2004,
  note =         {\url{http://swollen.digitalsystems.cs.tut.fi:8080/TCE/doc/man/html/}}
}

@MISC{TCEGuidelines,
  author =       {J\"a\"askel\"ainen, Pekka and Cilio, Andrea and Oksman, Atte},
  title =        "{Guidelines for TCE Project}",
  howpublished = "Website",
  year =         2004,
  note =         {\url{http://swollen.digitalsystems.cs.tut.fi:8080/project/}}
}

@Unpublished{ProjectPlan,
  author =       {Andrea Cilio},
  title =        "{TTA Codesign Environment: Project Plan}",
  note =         {S-001},
  OPTkey =       {},
  OPTmonth =     {},
  OPTyear =      {},
  OPTannote =    {}
}

@Unpublished{ADF-specs,
  author = 	 {Cilio, Andrea and Schot, Henjo and Janssen, Johan},
  title = 	 "{Processor Architecture Definition File Format for a New TTA Design Framework}",
  note = 	 {S-003, [Online] Available: http://tce.cs.tut.fi/specs/ADF.pdf},
  OPTkey = 	 {},
  OPTmonth = 	 {},
  year = 	 2004,
  OPTannote = 	 {}
}


@Unpublished{TPEF-specs,
  author = 	 {Andrea Cilio},
  title = 	 "{TTA Program Exchange Format}",
  note = 	 {S-004,  [Online] Available: http://tce.cs.tut.fi/specs/TPEF.pdf},
  OPTkey = 	 {},
  OPTmonth = 	 {},
  year = 	 2004,
  OPTannote = 	 {}
}

@Unpublished{SimulatorModDesign,
  author = 	 {Andrea Cilio},
  title = 	 "{TTA Processor Simulator Architecture}",
  note = 	 {S-012},
  OPTkey = 	 {},
  OPTmonth = 	 {},
  year = 	 2004,
  OPTannote = 	 {}
}

@Unpublished{SimulatorSpecs,
  author = 	 {Andrea Cilio},
  title = 	 "{TTA Processor Simulator Functional Requirements}",
  note = 	 {S-008},
  OPTkey = 	 {},
  OPTmonth = 	 {},
  year = 	 2004,
  OPTannote = 	 {}
}

@Unpublished{SchedulerSpecs,
  author = 	 {Ari Mets\"ahalme, Andrea Cilio, Vladimir Guzma},
  title = 	 "{TTA Instruction Scheduler Functional Requirements}",
  note = 	 {S-015},
  OPTkey = 	 {},
  OPTmonth = 	 {},
  year = 	 2004,
  OPTannote = 	 {}
}

@Unpublished{SchedulerArchitecture,
  author = 	 {AndreaCilio},
  title = 	 "{TTA Instruction Scheduler Architecture}",
  note = 	 {S-024},
  OPTkey = 	 {},
  OPTmonth = 	 {},
  year = 	 2005,
  OPTannote = 	 {}
}

@Unpublished{SchedulerDesign,
  author = 	 {Andrea Cilio, Ari Mets\"ahalme, Vladimir Guzma},
  title = 	 "{TTA Instruction Scheduler Design Notes}",
  note = 	 {S-026},
  OPTkey = 	 {},
  OPTmonth = 	 {},
  year = 	 2005,
  OPTannote = 	 {}
}


@Unpublished{SimulatorDesign,
  author = 	 {Andrea Cilio},
  title = 	 "{TTA Processor Simulator Detailed Design Notes}",
  note = 	 {S-013},
  OPTkey = 	 {},
  OPTmonth = 	 {},
  year = 	 2004,
  OPTannote = 	 {}
}


@Unpublished{UM-design,
  author = 	 {Lasse Laasonen},
  title = 	 "{Universal Machine Design Notes}",
  note = 	 {S-031},
  OPTkey = 	 {},
  OPTmonth = 	 {},
  year = 	 2004,
  OPTannote = 	 {}
}

@Unpublished{EstimatorSpecs,
  author = 	 {Tommi Rantanen},
  title = 	 "{TTA Processor Estimator Functional Requirements}",
  note = 	 {S-019},
  OPTkey = 	 {},
  OPTmonth = 	 {},
  year = 	 2004,
  OPTannote = 	 {}
}

@Unpublished{OSAL-specs,
  author = 	 {Andrea Cilio},
  title = 	 "{Operation Set Abstraction Layer Functional Requirements}",
  note = 	 {S-027},
  OPTkey = 	 {},
  OPTmonth = 	 {},
  year = 	 2004,
  OPTannote = 	 {}
}

@Unpublished{ProGeSpecs,
  author = 	 {Lasse Laasonen},
  title = 	 "{TTA Processor Generator Functional Requirements}",
  note = 	 {S-016},
  OPTkey = 	 {},
  OPTmonth = 	 {},
  year = 	 2004,
  OPTannote = 	 {}
}

@Unpublished{ProGeArchitecture,
  author = 	 {Lasse Laasonen},
  title = 	 "{TTA Processor Generator Architecture}",
  note = 	 {S-018},
  OPTkey = 	 {},
  OPTmonth = 	 {},
  year = 	 2004,
  OPTannote = 	 {}
}

@Unpublished{ProGeDesign,
  author = 	 {Lasse Laasonen},
  title = 	 "{TTA Processor Generator Design Notes}",
  note = 	 {S-020},
  OPTkey = 	 {},
  OPTmonth = 	 {},
  year = 	 2004,
  OPTannote = 	 {}
}

@Unpublished{PIGSpecs,
  author = 	 {Lasse Laasonen},
  title = 	 "{Program Image Generator Functional Requirements}",
  note = 	 {S-021},
  OPTkey = 	 {},
  OPTmonth = 	 {},
  year = 	 2005,
  OPTannote = 	 {}
}

@Unpublished{CxxTest,
  author = {Volk, Erez},
  title = "{CxxTest, a JUnit/CppUnit/xUnit-like framework for C++}",
  note = {\url{http://cxxtest.sourceforge.net}},
  OPTannote = {}
}

@Unpublished{MemoryModuleDesign,
  author = 	 {Andrea Cilio},
  title = 	 "{Memory Model Module Design Notes}",
  note = 	 {S-014},
  OPTkey = 	 {},
  OPTmonth = 	 {},
  year = 	 2004,
  OPTannote = 	 {}
}

@Unpublished{ToolkitDesign,
  author = 	 {Pekka J\"a\"askel\"ainen},
  title = 	 "{TCE Toolkit Library Design Document}",
  note = 	 {S-029},
  OPTkey = 	 {},
  OPTmonth = 	 {},
  year = 	 2004,
  OPTannote = 	 {}
}

@Unpublished{OSALDesign,
  author = 	 {Andrea Cilio, Pekka J\"a\"askel\"ainen},
  title = 	 "{Operation Set Abstraction Layer Design Document}",
  note = 	 {S-028},
  OPTkey = 	 {},
  OPTmonth = 	 {},
  year = 	 2004,
  OPTannote = 	 {}
}

@Unpublished{TPEF-Design,
  author = 	 {Mikael Lepist\"o},
  title = 	 "{Binary Handling Module Design Notes}",
  note = 	 {S-028},
  OPTkey = 	 {},
  OPTmonth = 	 {},
  year = 	 2004,
  OPTannote = 	 {}
}

@Unpublished{MOM-design,
  author = 	 {Atte Oksman},
  title = 	 "{Machine Object Model Design Notes}",
  note = 	 {S-025},
  OPTkey = 	 {},
  OPTmonth = 	 {},
  year = 	 2004,
  OPTannote = 	 {}
}

@Unpublished{POM-design,
  author = 	 {Andrea Cilio},
  title = 	 "{Program Object Model Design Notes}",
  note = 	 {S-017},
  OPTkey = 	 {},
  OPTmonth = 	 {},
  year = 	 2004,
  OPTannote = 	 {}
}

@Unpublished{TCE-progTemplate,
  author = 	 {Andrea Cilio},
  title = 	 "{TCE Architecture Template Programming Interface Functional Requirements}",
  note = 	 {S-010},
  OPTkey = 	 {},
  OPTmonth = 	 {},
  year = 	 2004,
  OPTannote = 	 {}
}

@Unpublished{TCE-frontend,
  author = 	 {Mikael Lepist\"o},
  title = 	 "{TCE v1 Frontend Compiler}",
  note = 	 {S-022},
  OPTkey = 	 {},
  OPTmonth = 	 {},
  year = 	 2004,
  OPTannote = 	 {}
}

@Unpublished{TCE-specs,
  author = 	 {Pekka J\"a\"askel\"ainen},
  title = 	 "{TTA Codesign Environment Functional Requirements}",
  note = 	 {S-005},
  OPTkey = 	 {},
  OPTmonth = 	 {},
  year = 	 2004,
  OPTannote = 	 {}
}


@Unpublished{GraphDesign,
  author = 	 {Ari Mets\"ahalme},
  title = 	 "{The Graph Framework Design Notes}",
  note = 	 {S-23},
  OPTkey = 	 {},
  OPTmonth = 	 {},
  year = 	 2004,
  OPTannote = 	 {}
}


@Unpublished{HDBDesign,
  author = 	 {Lasse Laasonen},
  title = 	 "{Hardware Database Design Notes}",
  note = 	 {S-?},
  OPTkey = 	 {},
  OPTmonth = 	 {},
  year = 	 2005,
  OPTannote = 	 {}
}

% Resources related to scheduling

@BOOK{Aho86,
 author = {Alfred V. Aho and Ravi Sethi and Jeffrey D. Ullman},
 title = {Compilers: principles, techniques, and tools},
 year = {1986},
 isbn = {0-201-10088-6},
 publisher = {Addison-Wesley Longman Publishing Co., Inc.},
}

@inproceedings{Norris94,
 author = {Cindy Norris and Lori L. Pollock},
 title = {Register allocation over the program dependence graph},
 booktitle = {Proceedings of the ACM SIGPLAN 1994 conference on Programming language design and implementation},
 year = {1994},
 isbn = {0-89791-662-X},
 pages = {266--277},
 location = {Orlando, Florida, United States},
 doi = {http://doi.acm.org/10.1145/178243.178427},
 publisher = {ACM Press},
}

@article{Ferrante87,
 author = {Jeanne Ferrante and Karl J. Ottenstein and Joe D. Warren},
 title = {The program dependence graph and its use in optimization},
 journal = {ACM Trans. Program. Lang. Syst.},
 volume = {9},
 number = {3},
 year = {1987},
 issn = {0164-0925},
 pages = {319--349},
 publisher = {ACM Press},
}

@Article{Cytron89,
  author = { Cytron, Ron and Ferrante, Jeanne and Rosen, Barry K. and Wegman, Mark N. and Zadeck, F. Kenneth},
  title = "{An Efficient Method of Computing Static Single Assignment Form}",
  journal = "ACM",
  year = "1989"
  }

@article{Cytron91,
 author = {Ron Cytron and Jeanne Ferrante and Barry K. Rosen and Mark N. Wegman and F. Kenneth Zadeck},
 title = {Efficiently computing static single assignment form and the control dependence graph},
 journal = {ACM Trans. Program. Lang. Syst.},
 volume = {13},
 number = {4},
 year = {1991},
 issn = {0164-0925},
 pages = {451--490},
 doi = {http://doi.acm.org/10.1145/115372.115320},
 publisher = {ACM Press},
}

@inproceedings{Harrold93,
 author = {Mary Jean Harrold and Brian Malloy and Gregg Rothermel},
 title = {Efficient construction of program dependence graphs},
 booktitle = {Proceedings of the 1993 ACM SIGSOFT international symposium on Software testing and analysis},
 year = 1993,
 isbn = {0-89791-608-5},
 pages = {160--170},
 location = {Cambridge, Massachusetts, United States},
 doi = {http://doi.acm.org/10.1145/154183.154268},
 publisher = {ACM Press},
}

@inproceedings{Rau94,
 author = {B. Ramakrishna Rau},
 title = {Iterative modulo scheduling: an algorithm for software pipelining loops},
 booktitle = {MICRO 27: Proceedings of the 27th annual international symposium on Microarchitecture},
 year = 1994,
 isbn = {0-89791-707-3},
 pages = {63--74},
 location = {San Jose, California, United States},
 doi = {http://doi.acm.org/10.1145/192724.192731},
 publisher = {ACM Press},
 }


@Misc{boutellier11,
  OPTkey = 	 {},
  author = 	 {Jani Boutellier},
  title = 	 {Transport-triggered processors},
  howpublished = {Computer Science and Engineering Laboratory, University of Oulu, [Online]. Available: http://tce.cs.tut.fi/slides/tta\_uo.ppt},
  month = 	 {Jan},
  year = 	 {2001},
  OPTnote = 	 {},
  OPTannote = 	 {}
}


@Misc{tcewww,
  key = 	 {TCE},
  OPTauthor = 	 {},
  title = 	 "{TTA-based Co-design Environment (TCE)}",
  howpublished = {Department of Computer Systems, Tampere University
  of Technology, [Online]. Available:
  http://tce.cs.tut.fi/index.html},
  OPTmonth = 	 {},
  OPTyear = 	 {},
  OPTnote = 	 {},
  OPTannote = 	 {}
}

